<?xml version="1.0" encoding="UTF-8"?>
<collection xmlns:xsi="http://www.w3.org/2001/XMLSchema-instance" xsi:schemaLocation="http://www.loc.gov/MARC21/slim http://www.loc.gov/standards/marcxml/schema/MARC21slim.xsd" xmlns="http://www.loc.gov/MARC21/slim">
<record>
  <leader>00767cam a22002051  4500</leader>
  <controlfield tag="001">3071787</controlfield>
  <controlfield tag="003">NNC</controlfield>
  <controlfield tag="005">20040824130235.0</controlfield>
  <controlfield tag="008">010822s1946    ua            000 0 ara d</controlfield>
  <datafield tag="035" ind1=" " ind2=" ">
    <subfield code="a">(OCoLC)ocm47826209</subfield>
  </datafield>
  <datafield tag="035" ind1=" " ind2=" ">
    <subfield code="9">ATP4792CU</subfield>
  </datafield>
  <datafield tag="035" ind1=" " ind2=" ">
    <subfield code="a">(NNC)3071787</subfield>
  </datafield>
  <datafield tag="040" ind1=" " ind2=" ">
    <subfield code="a">ZCU</subfield>
    <subfield code="c">ZCU</subfield>
  </datafield>
  <datafield tag="099" ind1=" " ind2=" ">
    <subfield code="a">893.7M319</subfield>
    <subfield code="a">S4</subfield>
  </datafield>
  <datafield tag="100" ind1="1" ind2=" ">
    <subfield code="a">Munūfī, al-Sayyid Maḥmūd Abū al-Fayḍ.</subfield>
  </datafield>
  <datafield tag="245" ind1="1" ind2="0">
    <subfield code="a">Kitāb al-wujūd;</subfield>
    <subfield code="b">mabāḥith fī Allāh wa al-ṭabī ʻa wa al-insān ... , fatḥ jadīd fī al-naẓra ilā al-ʻawālim wa al-kāʾināt,</subfield>
    <subfield code="c">waḍaʻahū Maḥmūd Abū-al-Faiḍ al-Manūfī ʻamīd al-Faiḍīyīn.</subfield>
  </datafield>
  <datafield tag="260" ind1=" " ind2=" ">
    <subfield code="a">al-Qāhirah,</subfield>
    <subfield code="b">al-Maktabah al-Fayḍīyah,</subfield>
    <subfield code="c">[1946?]</subfield>
  </datafield>
  <datafield tag="300" ind1=" " ind2=" ">
    <subfield code="a">352 p.</subfield>
  </datafield>
  <datafield tag="650" ind1=" " ind2="0">
    <subfield code="a">Philosophy, Arab.</subfield>
  </datafield>
  <datafield tag="955" ind1=" " ind2=" ">
    <subfield code="b">CU58874526</subfield>
    <subfield code="d">off,glx</subfield>
    <subfield code="e">893.7M319 S4</subfield>
  </datafield>
</record>
</collection>